@article{Schlemper2018,
    title = {{A Deep Cascade of Convolutional Neural Networks for Dynamic MR Image Reconstruction}},
    year = {2018},
    journal = {IEEE Transactions on Medical Imaging},
    author = {Schlemper, Jo and Caballero, Jose and Hajnal, Joseph V. and Price, Anthony N. and Rueckert, Daniel},
    number = {2},
    pages = {491--503},
    volume = {37},
    isbn = {9783319590493},
    doi = {10.1109/TMI.2017.2760978},
    issn = {1558254X},
    pmid = {29035212},
    arxivId = {1704.02422},
    keywords = {Deep learning, compressed sensing, convolutional neural network, dynamic magnetic resonance imaging, image reconstruction}
}

@article{Wang2016,
    title = {{Accelerating magnetic resonance imaging via deep learning}},
    year = {2016},
    journal = {Proceedings - International Symposium on Biomedical Imaging},
    author = {Wang, Shanshan and Su, Zhenghang and Ying, Leslie and Peng, Xi and Zhu, Shun and Liang, Feng and Feng, Dagan and Liang, Dong},
    pages = {514--517},
    volume = {2016-June},
    publisher = {IEEE},
    isbn = {9781479923502},
    doi = {10.1109/ISBI.2016.7493320},
    issn = {19458452},
    pmid = {22255825},
    arxivId = {1204.3968},
    keywords = {Deep learning, convolutional neural network, magnetic resonance imaging, prior knowledge}
}

@article{Qin2019,
    title = {{Convolutional recurrent neural networks for dynamic MR image reconstruction}},
    year = {2019},
    journal = {IEEE Transactions on Medical Imaging},
    author = {Qin, Chen and Schlemper, Jo and Caballero, Jose and Price, Anthony N. and Hajnal, Joseph V. and Rueckert, Daniel},
    number = {1},
    pages = {280--290},
    volume = {38},
    publisher = {IEEE},
    doi = {10.1109/TMI.2018.2863670},
    issn = {1558254X},
    pmid = {30080145},
    arxivId = {arXiv:1712.01751v3},
    keywords = {Recurrent neural network, cardiac image reconstruction, convolutional neural network, dynamic magnetic resonance imaging}
}

@article{Yang2018,
    title = {{DAGAN: Deep De-Aliasing Generative Adversarial Networks for Fast Compressed Sensing MRI Reconstruction}},
    year = {2018},
    journal = {IEEE Transactions on Medical Imaging},
    author = {Yang, Guang and Yu, Simiao and Dong, Hao and Slabaugh, Greg and Dragotti, Pier Luigi and Ye, Xujiong and Liu, Fangde and Arridge, Simon and Keegan, Jennifer and Guo, Yike and Firmin, David},
    number = {6},
    pages = {1310--1321},
    volume = {37},
    publisher = {IEEE},
    isbn = {8133542251},
    doi = {10.1109/TMI.2017.2785879},
    issn = {1558254X},
    pmid = {21109570},
    arxivId = {1705.07137},
    keywords = {Compressed sensing, de-aliasing, deep learning, fast MRI, generative adversarial networks (GAN), inverse problems, magnetic resonance imaging (MRI)}
}

@article{Yang2016,
    title = {{Deep ADMM-net for compressive sensing MRI}},
    year = {2016},
    journal = {Neural Information Processing Systems},
    author = {Yang, Yan and Sun, Jian and Li, Huibin and Xu, Zongben and Sun, Jian and Xu, Zongben},
    number = {Nips},
    pages = {10--18},
    url = {http://dblp.uni-trier.de/db/conf/nips/nips2016.html#Yang0LX16},
    isbn = {9781450344661},
    doi = {10.1145/2966986.2980084},
    issn = {10495258},
    arxivId = {1705.06869}
}

@article{Lee2017,
    title = {{Deep artifact learning for compressed sensing and parallel MRI}},
    year = {2017},
    journal = {Arxiv.org},
    author = {Lee, Dongwook and Yoo, Jaejun and Ye, Jong Chul},
    url = {http://arxiv.org/abs/1703.01120},
    arxivId = {1703.01120}
}

@article{Mardani2019,
    title = {{Deep generative adversarial neural networks for compressive sensing MRI}},
    year = {2019},
    journal = {IEEE Transactions on Medical Imaging},
    author = {Mardani, Morteza and Gong, Enhao and Cheng, Joseph Y. and Vasanawala, Shreyas S. and Zaharchuk, Greg and Xing, Lei and Pauly, John M.},
    number = {1},
    pages = {167--179},
    volume = {38},
    publisher = {IEEE},
    doi = {10.1109/TMI.2018.2858752},
    issn = {1558254X},
    pmid = {4433037},
    arxivId = {1706.00051},
    keywords = {Deep learning, compressed sensing (CS), convolutional neural networks (CNN), diagnostic quality, generative adversarial networks (GAN), rapid reconstruction}
}

@article{Lee2017a,
    title = {{Deep residual learning for compressed sensing MRI}},
    year = {2017},
    journal = {Proceedings - International Symposium on Biomedical Imaging},
    author = {Lee, Dongwook and Yoo, Jaejun and Ye, Jong Chul},
    pages = {15--18},
    publisher = {IEEE},
    isbn = {9781509011711},
    doi = {10.1109/ISBI.2017.7950457},
    issn = {19458452},
    keywords = {CNN, Compressed sensing MRI, Deep learning, Residual learning}
}

@article{Kobler2017,
    title = {{Learning a variational network for reconstruction of accelerated MRI data}},
    year = {2017},
    journal = {Magnetic Resonance in Medicine},
    author = {Kobler, Erich and Hammernik, Kerstin and Knoll, Florian and Pock, Thomas and Sodickson, Daniel K. and Recht, Michael P. and Klatzer, Teresa},
    number = {6},
    pages = {3055--3071},
    volume = {79},
    doi = {10.1002/mrm.26977},
    keywords = {accelerated mri, compressed sensing, deep learning, image reconstruction, parallel imaging, variational network}
}

@article{Taeg2008,
    title = {{The patch transform and its applications to image editing}},
    year = {2008},
    journal = {26th IEEE Conference on Computer Vision and Pattern Recognition, CVPR},
    author = {Taeg, Sang Cho and Butman, Moshe and Avidan, Shai and Freeman, William T.},
    isbn = {9781424422432},
    doi = {10.1109/CVPR.2008.4587642}
}

@article{Diamond2017,
    title = {{Unrolled Optimization with Deep Priors}},
    year = {2017},
    journal = {Arxiv.org},
    author = {Diamond, Steven and Sitzmann, Vincent and Heide, Felix and Wetzstein, Gordon},
    pages = {1--11},
    url = {http://arxiv.org/abs/1705.08041},
    arxivId = {1705.08041}
}

@article{Oktay2018AttentionPancreas,
    title = {{Attention U-Net: Learning Where to Look for the Pancreas}},
    year = {2018},
    journal = {Arxiv.org},
    author = {Oktay, Ozan and Schlemper, Jo and Folgoc, Loic Le and Lee, Matthew and Heinrich, Mattias and Misawa, Kazunari and Mori, Kensaku and McDonagh, Steven and Hammerla, Nils Y and Kainz, Bernhard and Glocker, Ben and Rueckert, Daniel},
    number = {Midl},
    url = {http://arxiv.org/abs/1804.03999},
    arxivId = {1804.03999}
}

@article{Chen2016CombiningSegmentation,
    title = {{Combining Fully Convolutional and Recurrent Neural Networks for 3D Biomedical Image Segmentation}},
    year = {2016},
    journal = {Arxiv.org},
    author = {Chen, Jianxu and Yang, Lin and Zhang, Yizhe and Alber, Mark and Chen, Danny Z.},
    number = {Ii},
    month = {9},
    url = {http://arxiv.org/abs/1609.01006},
    arxivId = {1609.01006}
}

@article{Pathak2016ContextInpainting,
    title = {{Context Encoders: Feature Learning by Inpainting}},
    year = {2016},
    journal = {Arxiv.org},
    author = {Pathak, Deepak and Krahenbuhl, Philipp and Donahue, Jeff and Darrell, Trevor and Efros, Alexei A.},
    month = {4},
    url = {http://arxiv.org/abs/1604.07379},
    arxivId = {1604.07379}
}

@article{Shi2015ConvolutionalNowcasting,
    title = {{Convolutional LSTM Network: A Machine Learning Approach for Precipitation Nowcasting}},
    year = {2015},
    journal = {Arxiv.org},
    author = {Shi, Xingjian and Chen, Zhourong and Wang, Hao and Yeung, Dit-Yan and Wong, Wai-kin and Woo, Wang-chun},
    month = {6},
    pages = {1--11},
    url = {http://arxiv.org/abs/1506.04214},
    arxivId = {1506.04214}
}

@article{Mataev2019DeepRED:RED,
    title = {{DeepRED: Deep Image Prior Powered by RED}},
    year = {2019},
    journal = {Arxiv.org},
    author = {Mataev, Gary and Elad, Michael and Milanfar, Peyman},
    pages = {1--23},
    url = {http://arxiv.org/abs/1903.10176},
    arxivId = {1903.10176}
}

@inproceedings{Lim2017EnhancedSuper-Resolution,
    title = {{Enhanced Deep Residual Networks for Single Image Super-Resolution}},
    year = {2017},
    booktitle = {IEEE Computer Society Conference on Computer Vision and Pattern Recognition Workshops},
    author = {Lim, Bee and Son, Sanghyun and Kim, Heewon and Nah, Seungjun and Lee, Kyoung Mu},
    pages = {1132--1140},
    volume = {2017-July},
    isbn = {9781538607336},
    doi = {10.1109/CVPRW.2017.151},
    issn = {21607516},
    arxivId = {1707.02921v1}
}

@article{Goodfellow2014GenerativeNetworks,
    title = {{Generative Adversarial Networks}},
    year = {2014},
    journal = {Neural Information Processing Systems},
    author = {Goodfellow, Ian J. and Pouget-Abadie, Jean and Mirza, Mehdi and Xu, Bing and Warde-Farley, David and Ozair, Sherjil and Courville, Aaron and Bengio, Yoshua},
    month = {6},
    url = {http://arxiv.org/abs/1406.2661},
    arxivId = {1406.2661}
}

@inproceedings{Jeelani2018ImageMRI,
    title = {{Image quality affects deep learning reconstruction of MRI}},
    year = {2018},
    booktitle = {Proceedings - International Symposium on Biomedical Imaging},
    author = {Jeelani, Haris and Martin, Jonathan and Vasquez, Francis and Salerno, Michael and Weller, Daniel S.},
    volume = {2018-April},
    isbn = {9781538636367},
    doi = {10.1109/ISBI.2018.8363592},
    issn = {19458452}
}

@inproceedings{Isola2017Image-to-imageNetworks,
    title = {{Image-to-image translation with conditional adversarial networks}},
    year = {2017},
    booktitle = {Proceedings - 30th IEEE Conference on Computer Vision and Pattern Recognition, CVPR 2017},
    author = {Isola, Phillip and Zhu, Jun Yan and Zhou, Tinghui and Efros, Alexei A.},
    pages = {5967--5976},
    volume = {2017-Janua},
    isbn = {9781538604571},
    doi = {10.1109/CVPR.2017.632},
    arxivId = {arXiv:1611.07004v3}
}

@article{Barron2016IntrinsicImage,
    title = {{Intrinsic scene properties from a single RGB-D image}},
    year = {2016},
    journal = {IEEE Transactions on Pattern Analysis and Machine Intelligence},
    author = {Barron, Jonathan T. and Malik, Jitendra},
    number = {4},
    pages = {690--703},
    volume = {38},
    doi = {10.1109/TPAMI.2015.2439286},
    issn = {01628828},
    keywords = {Computer vision, Depth sensing, Illumination estimation, Intrinsic images, Machine learning, Normalized cuts, Segmentation, Shape estimation, Shape from shading}
}

@article{Mao2017LeastNetworks,
    title = {{Least Squares Generative Adversarial Networks}},
    year = {2017},
    journal = {Proceedings of the IEEE International Conference on Computer Vision},
    author = {Mao, Xudong and Li, Qing and Xie, Haoran and Lau, Raymond Y.K. and Wang, Zhen and Smolley, Stephen Paul},
    pages = {2813--2821},
    volume = {2017-Octob},
    isbn = {9781538610329},
    doi = {10.1109/ICCV.2017.304},
    issn = {15505499},
    arxivId = {arXiv:1611.04076v3}
}

@article{Chen2018NeuralEquations,
    title = {{Neural Ordinary Differential Equations}},
    year = {2018},
    journal = {Neural Information Processing Systems},
    author = {Chen, Ricky T. Q. and Rubanova, Yulia and Bettencourt, Jesse and Duvenaud, David},
    number = {NeurIPS},
    url = {http://arxiv.org/abs/1806.07366},
    arxivId = {1806.07366}
}

@article{Venkatakrishnan2013Plug-and-PlayReconstruction,
    title = {{Plug-and-Play priors for model based reconstruction}},
    year = {2013},
    journal = {2013 IEEE Global Conference on Signal and Information Processing, GlobalSIP 2013 - Proceedings},
    author = {Venkatakrishnan, Singanallur V. and Bouman, Charles A. and Wohlberg, Brendt},
    pages = {945--948},
    isbn = {9781479902484},
    doi = {10.1109/GlobalSIP.2013.6737048}
}

@article{Lee2012ProximalFunctions,
    title = {{Proximal Newton-type methods for minimizing composite functions}},
    year = {2012},
    journal = {Arxiv.org},
    author = {Lee, Jason D. and Sun, Yuekai and Saunders, Michael A.},
    month = {6},
    pages = {1--25},
    url = {http://arxiv.org/abs/1206.1623},
    arxivId = {1206.1623},
    keywords = {65k05, 90c25, 90c53, ams subject classifications, convex optimization, nonsmooth optimization, proximal mapping}
}

@article{Valipour2017RecurrentSegmentation,
    title = {{Recurrent fully convolutional networks for video segmentation}},
    year = {2017},
    journal = {Proceedings - 2017 IEEE Winter Conference on Applications of Computer Vision, WACV 2017},
    author = {Valipour, Sepehr and Siam, Mennatullah and Jagersand, Martin and Ray, Nilanjan},
    pages = {29--36},
    publisher = {IEEE},
    isbn = {9781509048229},
    doi = {10.1109/WACV.2017.11}
}

@inproceedings{Poudel2017RecurrentSegmentation,
    title = {{Recurrent fully convolutional neural networks for multi-slice MRI cardiac segmentation}},
    year = {2017},
    booktitle = {Lecture Notes in Computer Science (including subseries Lecture Notes in Artificial Intelligence and Lecture Notes in Bioinformatics)},
    author = {Poudel, Rudra P.K. and Lamata, Pablo and Montana, Giovanni},
    isbn = {9783319522791},
    doi = {10.1007/978-3-319-52280-7{\_}8},
    issn = {16113349},
    keywords = {Left ventricle segmentation, Recurrent fully convolutional networks, Recurrent restricted boltzmann machine}
}

@article{Alom2018RecurrentSegmentation,
    title = {{Recurrent Residual Convolutional Neural Network based on U-Net (R2U-Net) for Medical Image Segmentation}},
    year = {2018},
    journal = {Arxiv.org},
    author = {Alom, Md Zahangir and Hasan, Mahmudul and Yakopcic, Chris and Taha, Tarek M. and Asari, Vijayan K.},
    url = {http://arxiv.org/abs/1802.06955},
    arxivId = {1802.06955}
}

@article{Shampine1987SolvingProblems,
    title = {{Solving ordinary differential equations I. nonstiff problems}},
    year = {1987},
    journal = {Mathematics and Computers in Simulation},
    author = {Shampine, LF},
    number = {5},
    month = {10},
    pages = {447},
    volume = {29},
    url = {https://linkinghub.elsevier.com/retrieve/pii/0378475487900838},
    doi = {10.1016/0378-4754(87)90083-8},
    issn = {03784754}
}

@article{Patraucean2015Spatio-temporalMemory,
    title = {{Spatio-temporal video autoencoder with differentiable memory}},
    year = {2015},
    journal = {Arxiv.org},
    author = {Patraucean, Viorica and Handa, Ankur and Cipolla, Roberto},
    number = {2012},
    month = {11},
    pages = {1--13},
    url = {http://arxiv.org/abs/1511.06309},
    arxivId = {1511.06309}
}

@article{Romano2016TheRED,
    title = {{The Little Engine that Could: Regularization by Denoising (RED)}},
    year = {2016},
    journal = {Arxiv.org},
    author = {Romano, Yaniv and Elad, Michael and Milanfar, Peyman},
    number = {4},
    month = {11},
    pages = {1804--1844},
    volume = {10},
    url = {http://arxiv.org/abs/1611.02862},
    arxivId = {1611.02862},
    keywords = {1, 10, 1137, 16m1102884, 62h35, 68u10, 94a08, ams subject classifications, doi, image denoising engine, introduction, inverse problems, laplacian regularization, plug-and-play prior, possibly controversial statement, we open this paper, with a bold and}
}

@article{Chambers2006TheProcesses,
    title = {{The Mathematical Theory of Optimal Processes}},
    year = {2006},
    journal = {OR},
    author = {Chambers, M. L. and Pontryagin, L. S. and Boltyanskii, V. G. and Gamkrelidze, R. V. and Mishchenko, E. F. and Brown, D. E.},
    doi = {10.2307/3006724},
    issn = {14732858}
}

@article{Runge1895UeberDifferentialgleichungen,
    title = {{Ueber die numerische Aufl{\"{o}}sung von Differentialgleichungen}},
    year = {1895},
    journal = {Mathematische Annalen},
    author = {Runge, C.},
    doi = {10.1007/BF01446807},
    issn = {00255831}
}

@inproceedings{Zhu2017UnpairedNetworks,
    title = {{Unpaired Image-to-Image Translation Using Cycle-Consistent Adversarial Networks}},
    year = {2017},
    booktitle = {Proceedings of the IEEE International Conference on Computer Vision},
    author = {Zhu, Jun Yan and Park, Taesung and Isola, Phillip and Efros, Alexei A},
    pages = {2242--2251},
    volume = {2017-Octob},
    isbn = {9781538610329},
    doi = {10.1109/ICCV.2017.244},
    issn = {15505499},
    arxivId = {arXiv:1703.10593v6}
}

@article{Srivastava2015UnsupervisedLSTMs,
    title = {{Unsupervised Learning of Video Representations using LSTMs}},
    year = {2015},
    journal = {Arxiv.org},
    author = {Srivastava, Nitish and Mansimov, Elman and Salakhutdinov, Ruslan},
    month = {2},
    url = {http://arxiv.org/abs/1502.04681},
    arxivId = {1502.04681}
}

@article{DBLP:journals/corr/BaydinPR15,
  author    = {Atilim Gunes Baydin and
               Barak A. Pearlmutter and
               Alexey Andreyevich Radul},
  title     = {Automatic differentiation in machine learning: a survey},
  journal   = {CoRR},
  volume    = {abs/1502.05767},
  year      = {2015},
  url       = {http://arxiv.org/abs/1502.05767},
  archivePrefix = {arXiv},
  eprint    = {1502.05767},
  timestamp = {Mon, 13 Aug 2018 16:48:36 +0200},
  biburl    = {https://dblp.org/rec/bib/journals/corr/BaydinPR15},
  bibsource = {dblp computer science bibliography, https://dblp.org}
}
@article{DBLP:journals/corr/abs-1708-00588,
  author    = {Maziar Raissi and
               George E. Karniadakis},
  title     = {Hidden Physics Models: Machine Learning of Nonlinear Partial Differential
               Equations},
  journal   = {CoRR},
  volume    = {abs/1708.00588},
  year      = {2017},
  url       = {http://arxiv.org/abs/1708.00588},
  archivePrefix = {arXiv},
  eprint    = {1708.00588},
  timestamp = {Mon, 13 Aug 2018 16:46:59 +0200},
  biburl    = {https://dblp.org/rec/bib/journals/corr/abs-1708-00588},
  bibsource = {dblp computer science bibliography, https://dblp.org}
}
@article{raissi2018multistep,
  title={Multistep neural networks for data-driven discovery of nonlinear dynamical systems},
  author={Raissi, Maziar and Perdikaris, Paris and Karniadakis, George Em},
  journal={arXiv preprint arXiv:1801.01236},
  year={2018}
}

@inproceedings{lecun1988theoretical,
  title={A theoretical framework for back-propagation},
  author={LeCun, Yann and Touresky, D and Hinton, G and Sejnowski, T},
  booktitle={Proceedings of the 1988 connectionist models summer school},
  volume={1},
  pages={21--28},
  year={1988},
  organization={CMU, Pittsburgh, Pa: Morgan Kaufmann}
}

@inproceedings{he2016identity,
  title={Identity mappings in deep residual networks},
  author={He, Kaiming and Zhang, Xiangyu and Ren, Shaoqing and Sun, Jian},
  booktitle={European conference on computer vision},
  pages={630--645},
  year={2016},
  organization={Springer}
}

@article{long2017pde,
  title={Pde-net: Learning pdes from data},
  author={Long, Zichao and Lu, Yiping and Ma, Xianzhong and Dong, Bin},
  journal={arXiv preprint arXiv:1710.09668},
  year={2017}
}

@inproceedings{chang2018reversible,
  title={Reversible architectures for arbitrarily deep residual neural networks},
  author={Chang, Bo and Meng, Lili and Haber, Eldad and Ruthotto, Lars and Begert, David and Holtham, Elliot},
  booktitle={Thirty-Second AAAI Conference on Artificial Intelligence},
  year={2018}
}

@article{lu2017beyond,
  title={Beyond finite layer neural networks: Bridging deep architectures and numerical differential equations},
  author={Lu, Yiping and Zhong, Aoxiao and Li, Quanzheng and Dong, Bin},
  journal={arXiv preprint arXiv:1710.10121},
  year={2017}
}

@article{chang2017multi,
  title={Multi-level residual networks from dynamical systems view},
  author={Chang, Bo and Meng, Lili and Haber, Eldad and Tung, Frederick and Begert, David},
  journal={arXiv preprint arXiv:1710.10348},
  year={2017}
}

@article{graves2016adaptive,
  title={Adaptive computation time for recurrent neural networks},
  author={Graves, Alex},
  journal={arXiv preprint arXiv:1603.08983},
  year={2016}
}

@article{jernite2016variable,
  title={Variable computation in recurrent neural networks},
  author={Jernite, Yacine and Grave, Edouard and Joulin, Armand and Mikolov, Tomas},
  journal={arXiv preprint arXiv:1611.06188},
  year={2016}
}

@inproceedings{figurnov2017spatially,
  title={Spatially adaptive computation time for residual networks},
  author={Figurnov, Michael and Collins, Maxwell D and Zhu, Yukun and Zhang, Li and Huang, Jonathan and Vetrov, Dmitry and Salakhutdinov, Ruslan},
  booktitle={Proceedings of the IEEE Conference on Computer Vision and Pattern Recognition},
  pages={1039--1048},
  year={2017}
}

@inproceedings{gomez2017reversible,
  title={The reversible residual network: Backpropagation without storing activations},
  author={Gomez, Aidan N and Ren, Mengye and Urtasun, Raquel and Grosse, Roger B},
  booktitle={Advances in neural information processing systems},
  pages={2214--2224},
  year={2017}
}

@article{ruthotto2018deep,
  title={Deep neural networks motivated by partial differential equations},
  author={Ruthotto, Lars and Haber, Eldad},
  journal={arXiv preprint arXiv:1804.04272},
  year={2018}
}

@article{farrell2013automated,
  title={Automated derivation of the adjoint of high-level transient finite element programs},
  author={Farrell, Patrick E and Ham, David A and Funke, Simon W and Rognes, Marie E},
  journal={SIAM Journal on Scientific Computing},
  volume={35},
  number={4},
  pages={C369--C393},
  year={2013},
  publisher={SIAM}
}

@article{carpenter2015stan,
  title={The Stan math library: Reverse-mode automatic differentiation in C++},
  author={Carpenter, Bob and Hoffman, Matthew D and Brubaker, Marcus and Lee, Daniel and Li, Peter and Betancourt, Michael},
  journal={arXiv preprint arXiv:1509.07164},
  year={2015}
}

@book{coddington1955theory,
  title={Theory of ordinary differential equations},
  author={Coddington, Earl A and Levinson, Norman},
  year={1955},
  publisher={Tata McGraw-Hill Education}
}
